
@article{Bruna2014,
	title = {\textit{{Heliconia} acuminata} seed set (seeds per fruit) 2008},
	url = {https://figshare.com/articles/dataset/Heliconia_acuminata_seedset_2008/1273926},
	doi = {10.6084/m9.figshare.1273926.v2},
	author = {Bruna, Emilio M.},
	month = dec,
	year = {2014},
	file = {Snapshot:/Users/emiliobruna/Zotero/storage/64ZXHBL5/2.html:text/html},
}

@article{brunaHeliconiaAcuminataHeliconiaceae2012a,
	title = {Heliconia acuminata ({Heliconiaceae}) {Leaf} {Length} vs. {Leaf} {Area}},
	url = {https://figshare.com/articles/dataset/Heliconia_acuminata_Heliconiaceae_Leaf_Length_vs_Leaf_Area/92691/2},
	doi = {10.6084/m9.figshare.92691.v2},
	abstract = {This is the length (in cm) and area (in cm squared) of N = 144 leaves of the Amazonian understory herb Heliconia acuminata (Heliconiaceae) collected in Reserve \#1501 of the Biological Dynamics of Forest Fragments Project near Manaus, Brazil.  Leaves were traced onto paper and the length and area of each leaf tracing were measured with a LI-COR Model 3000A Leaf Area Meter.  For additional details on the study species, site, and use of these data see the following article: Bruna, E. M., O. Nardy, S. Y. Strauss, and S. P. Harrison. 2002. Experimental assessment of Heliconia acuminata growth in a fragmented Amazonian landscape. Journal of Ecology, 90(4): 639-649.},
	language = {en},
	urldate = {2022-12-02},
	author = {Bruna, Emilio M.},
	month = jun,
	year = {2012},
	note = {Publisher: figshare
Type: dataset},
	file = {Snapshot:/Users/emiliobruna/Zotero/storage/ZCY3N9FN/92691.html:text/html},
}

@article{brunaMapBDFFPReserve2014,
	title = {Map of {BDFFP} {Reserve} 1501, {Manaus}, {Brazil}},
	url = {https://figshare.com/articles/dataset/Map_of_BDFFP_Reserve_1501_Manaus_Brazil/1157869/1},
	doi = {10.6084/m9.figshare.1157869.v1},
	abstract = {Map of the trail system of Reserve 1501 of the Biological Dynamics of Forest Fragments Project (aka Camp 41). Â Located on the ZF3, North of Manaus, Brazil.},
	language = {en},
	urldate = {2022-12-02},
	author = {Bruna, Emilio M.},
	month = sep,
	year = {2014},
	note = {Publisher: figshare
Type: dataset},
	file = {Full Text PDF:/Users/emiliobruna/Zotero/storage/RPKP35MH/2014 - Map of BDFFP Reserve 1501, Manaus, Brazil.pdf:application/pdf;Snapshot:/Users/emiliobruna/Zotero/storage/K9JNZ3NP/1157869.html:text/html},
}

@misc{NucleotideLinksPubMed,
	title = {Nucleotide {Links} for {PubMed} ({Select} 21564896) - {Nucleotide} - {NCBI}},
	url = {https://www.ncbi.nlm.nih.gov/nucleotide/?linkname=pubmed_nucleotide&from_uid=21564896},
	urldate = {2022-12-02},
	file = {Nucleotide Links for PubMed (Select 21564896) - Nucleotide - NCBI:/Users/emiliobruna/Zotero/storage/4BBXLDYI/nucleotide.html:text/html},
}
